@book{Reference1,
    author = {Peter Norvig e Stuart J. Russell},
    title = "Artificial intelligence a modern approach",
    publisher = {Pearson},
    year = {2016}
}
@online{Reference2,
	title = {Enhsp-20},
	url = {https://gitlab.com/enricos83/ENHSP-Public/-/tree/enhsp-20}
}
@online{Reference3,
	title = {Indexed priority queue},
	url = {https://www.geeksforgeeks.org/indexed-priority-queue-with-implementation/}
}

